<record><leader>00000cas a22000007  4500</leader><controlfield tag="001">8803137</controlfield><controlfield tag="008">820924d18601860iludn ne      0   a0eng  </controlfield><controlfield tag="009">466</controlfield><datafield ind1=" " ind2=" " tag="010"><subfield code="a">sn 82015052 </subfield></datafield><datafield ind1=" " ind2=" " tag="040"><subfield code="a">DLC</subfield><subfield code="b">eng</subfield><subfield code="c">DLC</subfield><subfield code="d">OCLCQ</subfield></datafield><datafield ind1="0" ind2="0" tag="245"><subfield code="a">Chicago daily herald.</subfield></datafield><datafield ind1=" " ind2=" " tag="260"><subfield code="a">Chicago, Ill.,</subfield><subfield code="b">C.H. McCormick &amp; Co.</subfield></datafield><datafield ind1=" " ind2=" " tag="300"><subfield code="a">52 p. in various paging.</subfield><subfield code="c">69 cm.</subfield></datafield><datafield ind1=" " ind2=" " tag="310"><subfield code="a">Daily (except Mon.)</subfield></datafield><datafield ind1="0" ind2=" " tag="362"><subfield code="a">v. 1, no. 2-14; Mar. 1-15, 1860.</subfield></datafield><datafield ind1=" " ind2=" " tag="500"><subfield code="a">"Democratic."</subfield></datafield><datafield ind1=" " ind2=" " tag="752"><subfield code="a">United States</subfield><subfield code="b">Illinois</subfield><subfield code="d">Chicago.</subfield></datafield><datafield ind1="0" ind2="2" tag="780"><subfield code="t">Chicago daily herald</subfield><subfield code="w">(DLC)sn 82015051</subfield></datafield><datafield ind1="1" ind2="0" tag="785"><subfield code="t">Daily Chicago herald</subfield><subfield code="w">(DLC)sn 82015053</subfield></datafield></record>